@book{national1996rock,
  title={Rock fractures and fluid flow: contemporary understanding and applications},
  author={National Research Council and others},
  year={1996},
  publisher={National Academies Press}
}

@book{jing2007fundamentals,
  title={Fundamentals of discrete element methods for rock engineering: theory and applications},
  author={Jing, Lanru and Stephansson, Ove},
  volume={85},
  year={2007},
  publisher={Elsevier}
}

@mastersthesis{mingireanov2013segmentacao,
  title={{Segmenta{\c{c}}{\~a}o de Imagens de Rochas e Classifica{\c{c}}{\~a}o de Litof{\'a}cies utilizando Floresta de Caminhos {\'O}timos}},
  author={Mingireanov Filho, Ivan},
  year={2013},
  school = {Faculdade de Engenharia Mec\^anica, Universidadade Estadual de Campinas},
}

@article{archie1952classification,
  title={Classification of carbonate reservoir rocks and petrophysical considerations},
  author={Archie, Gustave Erdman},
  journal={Aapg Bulletin},
  volume={36},
  number={2},
  pages={278--298},
  year={1952},
  publisher={American Association of Petroleum Geologists}
}

@article{da2018analise,
  title={AN{\'A}LISE DA DISTRIBUI{\c{C}}{\~A}O DO TAMANHO DE POROS APLICADO A ROCHA RESERVAT{\'O}RIO UTILIZANDO IMAGEJ},
  author={da Costa Cabra, Rayssa and dos Santos Barros, Lauriany Maria and dos Santos Feitoza, Jaianne Ra{\'\i}ze and dos Santos Granja, Luana Paula and Santos, Dheiver Francisco},
  journal={Caderno de Gradua{\c{c}}{\~a}o-Ci{\^e}ncias Exatas e Tecnol{\'o}gicas-UNIT-ALAGOAS},
  volume={4},
  number={2},
  pages={49},
  year={2018}
}

@article{scikit-image,
 title = {scikit-image: image processing in {P}ython},
 author = {van der Walt, {S}t\'efan and {S}ch\"onberger, {J}ohannes {L}. and
           {Nunez-Iglesias}, {J}uan and {B}oulogne, {F}ran\c{c}ois and {W}arner,
           {J}oshua {D}. and {Y}ager, {N}eil and {G}ouillart, {E}mmanuelle and
           {Y}u, {T}ony and the scikit-image contributors},
 year = {2014},
 month = {6},
 keywords = {Image processing, Reproducible research, Education,
             Visualization, Open source, Python, Scientific programming},
 volume = {2},
 pages = {e453},
 journal = {PeerJ},
}

@misc{itseez2015opencv,
  title={Open Source Computer Vision Library},
  author={Itseez},
  year={2015},
  howpublished = {\url{https://github.com/itseez/opencv}}
}

@book{singhal2010applied,
  title={Applied hydrogeology of fractured rocks},
  author={Singhal, Brij Bhusan Saran and Gupta, Ravi P},
  year={2010},
  publisher={Springer Science \& Business Media}
}

@article{ortega2000prediction,
  title={Prediction of macrofracture properties using microfracture information, Mesaverde Group sandstones, San Juan basin, New Mexico},
  author={Ortega, Orlando and Marrett, Randall},
  journal={Journal of Structural Geology},
  volume={22},
  number={5},
  pages={571--588},
  year={2000},
  publisher={Elsevier}
}

@misc{datasetPoros,
  author = {Bultreys, Tom},
  title = {Estaillades Carbonate #2},
  year = {2016},
  publisher = {Digital Rocks Portal},
  doi = {doi:10.17612/P7C09J},
  howpublished = {\url{http://www.digitalrocksportal.org/projects/58}}
}

@misc{dataFracture1,
  author = {Anton du Plasis},
  title = {{Concrete cracking}},
  howpublished = "\url{http://blogs.sun.ac.za/ctscanner/concrete-cracking/}",
  year = {2014}, 
  
}

%trabalhos relacionados
@article{du2016simple,
  title={Simple and fast porosity analysis of concrete using X-ray computed tomography},
  author={Du Plessis, Anton and Olawuyi, Babatunde James and Boshoff, William Peter and Le Roux, Stephan Gerhard},
  journal={Materials and structures},
  volume={49},
  number={1-2},
  pages={553--562},
  year={2016},
  publisher={Springer}
}

@article{kong2019microstructure,
  title={Microstructure characteristics and fractal analysis of 3D-printed sandstone using micro-CT and SEM-EDS},
  author={Kong, Lingyun and Ostadhassan, Mehdi and Hou, Xiaodong and Mann, Michael and Li, Chunxiao},
  journal={Journal of Petroleum Science and Engineering},
  volume={175},
  pages={1039--1048},
  year={2019},
  publisher={Elsevier}
}

@article{bieniek2000efficient,
  title={An efficient watershed algorithm based on connected components},
  author={Bieniek, Andreas and Moga, Alina},
  journal={Pattern recognition},
  volume={33},
  number={6},
  pages={907--916},
  year={2000},
  publisher={Elsevier}
}

@article{deng2016quantifying,
  title={Quantifying fracture geometry with X-ray tomography: Technique of Iterative Local Thresholding (TILT) for 3D image segmentation},
  author={Deng, Hang and Fitts, Jeffrey P and Peters, Catherine A},
  journal={Computational Geosciences},
  volume={20},
  number={1},
  pages={231--244},
  year={2016},
  publisher={Springer}
}

@article{hardebol2013digifract,
  title={DigiFract: A software and data model implementation for flexible acquisition and processing of fracture data from outcrops},
  author={Hardebol, NJ and Bertotti, G},
  journal={Computers \& Geosciences},
  volume={54},
  pages={326--336},
  year={2013},
  publisher={Elsevier}
}

%%%%%%%%%%%%%%%%%%%%%%%%%%%%%%%%%%
@article{otsu1979threshold,
  title={{A Threshold Selection Method from Gray-Level Histograms}},
  author={Otsu, Nobuyuki},
  journal={IEEE Transactions on Systems, Man, and Cybernetics},
  volume={9},
  number={1},
  pages={62--66},
  year={1979},
  publisher={IEEE}
}

@misc{Solpe,
  author = {{Solu\c{c}\~oes em Engenharia de Petr\'oleo - SOLPE}},
  note = {\url{https://www.solpe.com.br/}},
  year = {2018},
}

@misc{Avizo,
  author = {{Avizo Software}},
  note = {\url{https://www.fei.com/software/amira-avizo/}},
  year = {2020},
}

@article{Palombo2015,
  title={{Caracteriza\c{c}\~ao de Rochas Reservat\'orio por Microtomografia de Raios X}},
  author={Palombo, Leandro and Ulsen, Carina and Uliana, Daniel and Rodrigues Costa, Fabrizzio and Yamamoto, Marcio and Kahn, Henrique},
  journal={HOLOS},
  year={2015},
  month=oct,
  pages={65--72},
  volume={5},
}

@inproceedings{AltaResolucao,
  title={{Status and Future of Commercial X-Ray Microscopes}},
  author={Feser, M.},
  year={2008},
  address = {Zurich, Switzerland},
  month = jul,
  booktitle={9th International Conference on X-Ray Microscopy}
}

@book{adams1995hitchhiker,
  title={{The Hitchhiker's Guide to the Galaxy}},
  author={Adams, D.},
  url={http://books.google.com/books?id=W-xMPgAACAAJ},
  year={1995},
  publisher={San Val}
}

@article{uliana2014microtomografia,
  title={{Microtomografia de Alta Resolu\c{c}\~ao no Setor Mineral}},
  author={Uliana, Daniel and Kahn, Henrique and Contessotto, Renato and Antoniassi, Juliana Livi},
  journal={HOLOS},
  volume={3},
  pages={11--19},
  year={2014}
}

@mastersthesis{de2010modelo,
  title={{Modelo Kernel PCA-Gen{\'e}tico para Ajuste de Hist{\'o}rico}},
  author={Simone Carvalho Miyoshi},
  year={2010},
  school={Engenharia Elétrica, Pontifícia Universidade Católica do Rio de Janeiro},
  address={Rio de Janeiro}
}

@article{souza2006revisao,
  title={{Revis{\~a}o Cr{\'\i}tica da Aplicabilidade dos M{\'e}todos Geof{\'\i}sicos na Investiga{\c{c}}{\~a}o de {\'A}reas Submersas Rasas}},
  author={Souza, L.A.P.},
  journal={Universidade de S\~ao Paulo, S{\~a}o Paulo},
  year={2006}
}

@book{banon1994bases,
  title={{Bases da Morfologia Matem{\'a}tica para a An{\'a}lise de Imagens Bin{\'a}rias}},
  author={Banon, Gerald Jean Francis and Barrera, Junior},
  year={1994},
  publisher={Editora UFPE}
}

@mastersthesis{ramos2012validaccao,
  title={{Valida{\c{c}}{\~a}o do C{\'a}lculo de Dados Petrof{\'\i}sicos com Base na Caracteriza{\c{c}}{\~a}o de Rochas de Reservat{\'o}rio}},
  author={Ramos, Jeferson Vieira},
  school = {Universidade Federal de Santa Catarina, Centro Tecnol\'ogico}, address = {Florian\'opolis-SC},
  year={2012}
}

@book{lucia2007carbonate,
  title={{Carbonate Reservoir Characterization: An Integrated Approach}},
  author={Lucia, F Jerry},
  year={2007},
  publisher={Springer Science \& Business Media}
}

@article{cid2017improved,
  title={{Improved Method for Effective Rock Microporosity Estimation using X-Ray Microtomography}},
  author={Cid, HE and Carrasco-N{\'u}{\~n}ez, Gerardo and Manea, VC},
  journal={Micron},
  volume={97},
  pages={11--21},
  year={2017},
  publisher={Elsevier}
}

@article{li2017fracture,
  title={{Fracture and Vug Characterization and Carbonate Rock Type Automatic Classification using X-Ray CT Images}},
  author={Li, Binhui and Tan, Xuequn and Wang, Fuyong and Lian, Peiqing and Gao, Wenbin and Li, Yiqiang},
  journal={Journal of Petroleum Science and Engineering},
  volume={153},
  pages={88--96},
  year={2017},
  publisher={Elsevier}
}

@article{kronbauer2015modelagem,
  title={{Modelagem do Sistema Poroso de Rochas Reservat{\'o}rios de Petr{\'o}leo e Predi{\c{c}}{\~a}o de Propriedades Petrof{\'\i}sicas}},
  author={Kronbauer, Denise P and Cunha, Andr{\'e} R and Mantovani, Iara F and Fernandes, Celso P},
  journal={Series of the Brazilian Society of Computational and Applied Mathematics},
  volume={3},
  number={1},
  year={2015}
}

@article{silin2006pore,
  title={{Pore Space Morphology Analysis using Maximal Inscribed Spheres}},
  author={Silin, Dmitriy and Patzek, Tad},
  journal={Physica A: Statistical Mechanics and its Applications},
  volume={371},
  number={2},
  pages={336--360},
  year={2006},
  publisher={Elsevier}
}

@article{blunt2013pore,
  title={{Pore-Scale Imaging and Modelling}},
  author={Blunt, Martin J and Bijeljic, Branko and Dong, Hu and Gharbi, Oussama and Iglauer, Stefan and Mostaghimi, Peyman and Paluszny, Adriana and Pentland, Christopher},
  journal={Advances in Water Resources},
  volume={51},
  pages={197--216},
  year={2013},
  publisher={Elsevier}
}

@mastersthesis{silva2012caracterizaccao,
  title={{Caracteriza{\c{c}}{\~a}o do Espa{\c{c}}o Poroso em Rochas por Esferas M{\'a}ximas Exatas}},
  author={Silva, Andr{\'e} Ferreira Bem},
  school = {Universidade Federal de Santa Catarina, Centro Tecnol\'ogico},
  address = {Florian\'opolis-SC},
  year={2012},
}

@mastersthesis{moraes2018determinaccao,
  title = {{Determina{\c{c}}{\~a}o de Propriedades Petrof{\'\i}sicas e Geol{\'o}gicas utilizando uma T{\'e}cnica de An{\'a}lise Digital de Rochas}},
  author = {Moraes, Pedro Carlos Xavier},
  year = {2018},
  school = {Faculdade de Engenharia Mecânica e Instituto de Geociências, Universidade Estadual de Campinas},
  address={Campinas-SP}
}

@article{rp401998recommended,
  title={{Recommended Practices for Core Analysis}},
  author={RP40, API},
  journal={American Petroleum Institute},
  month=feb,
  year={1998}
}

@book{duarte1997dicionario,
  title={{Dicion{\'a}rio Enciclop{\'e}dico Ingl{\^e}s-Portugu{\^e}s de Geof{\'\i}sica e Geologia}},
  author={Duarte, Osvaldo Oliveira},
  publisher={Petrobras},
  year={1997}
}

@article{landis2010x,
  title={{X-Ray Microtomography}},
  author={Landis, Eric N and Keane, Denis T},
  journal={Materials Characterization},
  volume={61},
  number={12},
  pages={1305--1316},
  year={2010},
  publisher={Elsevier}
}

@book{gonzalez2002digital,
  title={Digital Image Processing},
  author={Gonzalez, Rafael C and Woods, Richard E},
  year={2007},
  publisher={Prentice Hall New Jersey}
}

@book{pedrini2008analise,
  title={{An{\'a}lise de Imagens Digitais: Princ{\'\i}pios, Algoritmos e Aplica{\c{c}}{\~o}es}},
  author={Pedrini, H{\'e}lio and Schwartz, William Robson},
  year={2007},
  publisher={Thomson Learning}
}

@article{da2018analise,
  title={{An\'alise da Distribui{\c{c}}{\~a}o do Tamanho de Poros Aplicado à Rocha Reservat{\'o}rio Utilizando ImageJ}},
  author={Rayssa Costa Cabra and Lauriany Maria Santos Barros  and Jaianne Ra{\'\i}ze Santos Feitoza and Luana Paula Santos Granja and Dheiver Francisco Santos},
  journal={Caderno de Gradua{\c{c}}{\~a}o - Ci{\^e}ncias Exatas e Tecnol{\'o}gicas. Unit-Alagoas},
  volume={4},
  number={2},
  pages={49},
  year={2018}
}

@article{sadeq2015porosity,
  title={{Porosity and Permeability Analysis from Well Logs and Core in Fracture, Vugy and Intercrystalline Carbonate Reservoirs}},
  author={Sadeq, Qays Mohammed and Yusoff, Wan Ismail Bin Wan},
  journal={Journal of Aquaculture Research \& Development},
  volume={6},
  number={10},
  pages={1},
  year={2015},
  publisher={OMICS Publishing Group}
}

@article{fisher2014cloud,
  title={{Cloud and Cloud-Shadow Detection in SPOT5 HRG Imagery with Automated Morphological Feature Extraction}},
  author={Fisher, Adrian},
  journal={Remote Sensing},
  volume={6},
  number={1},
  pages={776--800},
  year={2014},
  publisher={Multidisciplinary Digital Publishing Institute}
}

@mastersthesis{mingireanov2013segmentacao,
  title={{Segmenta{\c{c}}{\~a}o de Imagens de Rochas e Classifica{\c{c}}{\~a}o de Litof{\'a}cies utilizando Floresta de Caminhos {\'O}timos}},
  author={Mingireanov Filho, Ivan},
  year={2013},
  school = {Faculdade de Engenharia Mec\^anica, Universidade Estadual de Campinas},
  address={Campinas-SP}
}

@article{dos2011microtomografia,
  title={{A Microtomografia Computadorizada de Raios X Integrada {\`a} Petrografia no Estudo Tridimensional de Porosidade em Rochas}},
  author={Reis Neto, Jos{\'e} Manoel and Fiori, Alberto Pio and Lopes, Angela Pacheco and Marchese, Clarice and Pinto-Coelho, Cristina Valle and Vasconcellos, Eleonora Maria Gouvea and da Silva, Gabriel Fischer and Secchi, Rodrigo},
  journal={Revista Brasileira de Geoci{\^e}ncias},
  volume={41},
  number={3},
  pages={498--508},
  year={2011}
}

@misc{ref2018Image,
title={{When Parallelism Gets Tricky: Accelerating Floyd-Steinberg on the Mali GPU}},
author={{Tim Hartley}},
note={\url{https://community.arm.com/graphics/b/blog/posts/when-parallelism-gets-tricky-accelerating-floyd-steinberg-on-the-mali-gpu}},
year={2018}
}

@book{marques1999processamento,
  title={{Processamento Digital de Imagens}},
  author={Marques Filho, Og{\^e} and Neto, Hugo Vieira},
  year={1999},
  publisher={Brasport}
}

@misc{exploracao,
  author = {{Agência Nacional de Petróleo e Gás}},
  title = {{Exploração e Produção de Óleo e Gás}},
  year = 2020,
  note = {\url{http://www.anp.gov.br/exploracao-e-producao-de-oleo-e-gas}},
}

@book{national1996rock,
  title={{Rock Fractures and Fluid Flow: Contemporary Understanding and Applications}},
  author={National Research Council},
  year={1996},
  publisher={National Academies Press}
}

@book{jing2007fundamentals,
  title={{Fundamentals of Discrete Element Methods for Rock Engineering: Theory and Applications}},
  author={Jing, Lanru and Stephansson, Ove},
  volume={85},
  year={2007},
  publisher={Elsevier}
}

@inproceedings{ushizima2011statistical,
  title={{Statistical Segmentation and Porosity Quantification of 3d X-ray Microtomography}},
  author={Ushizima, Daniela and Parkinson, Dilworth and Nico, Peter and Ajo-Franklin, Jonathan and MacDowell, Alastair and Kocar, Benjamin and Bethel, Wes and Sethian, James},
  booktitle={Applications of Digital Image Processing XXXIV},
  volume={8135},
  pages={813502},
  year={2011},
  organization={International Society for Optics and Photonics}
}

@misc{resoluccao187,
  author={{Resolução ANP}},
  title={{Número 71, de 31.12.2014 - DOU 2.1.2015}},
}

@article{andra2013digital,
  title={{Digital Rock Physics Benchmarks - Part I: Imaging and Segmentation}},
  author={Andr{\"a}, Heiko and Combaret, Nicolas and Dvorkin, Jack and Glatt, Erik and Han, Junehee and Kabel, Matthias and Keehm, Youngseuk and Krzikalla, Fabian and Lee, Minhui and Madonna, Claudio},
  journal={Computers \& Geosciences},
  volume={50},
  pages={25--32},
  year={2013},
  publisher={Elsevier}
}

@book{singhal2010applied,
  title={{Applied Hydrogeology of Fractured Rocks}},
  author={Singhal, Brij Bhusan Saran and Gupta, Ravi P},
  year={2010},
  publisher={Springer Science \& Business Media}
}

@article{basan1997pore,
  title={{Pore-Size Data in Petrophysics: A Perspective on the Measurement of Pore Geometry}},
  author={Basan, Paul B and Lowden, Ben D and Whattler, Peter R and Attard, John J},
  journal={Geological Society, London, Special Publications},
  volume={122},
  number={1},
  pages={47--67},
  year={1997},
  publisher={Geological Society of London}
}

@article{archie1952classification,
  title={{Classification of Carbonate Reservoir Rocks and Petrophysical Considerations}},
  author={Archie, Gustave Erdman},
  journal={American Association of Petroleum Geologists (AAPG) Bulletin},
  volume={36},
  number={2},
  pages={278--298},
  year={1952},
  publisher={American Association of Petroleum Geologists}
}

@article{bieniek2000efficient,
  title={{An Efficient Watershed Algorithm based on Connected Components}},
  author={Bieniek, Andreas and Moga, Alina},
  journal={Pattern Recognition},
  volume={33},
  number={6},
  pages={907--916},
  year={2000},
  publisher={Elsevier}
}

@misc{datasetPoros,
  author = {Bultreys, Tom},
  title = {{Estaillades Carbonate \#2}},
  year = {2016},
  publisher = {Digital Rocks Portal},
  howpublished = {\url{http://www.digitalrocksportal.org/projects/58}}
}

@misc{dataFracture1,
  author = {Anton du Plasis},
  title = {{Concrete Cracking}},
  howpublished = {\url{http://blogs.sun.ac.za/ctscanner/concrete-cracking/}},
  year = {2014},
}

@article{ortega2000prediction,
  title={{Prediction of Macrofracture Properties using Microfracture Information, Mesaverde Group Sandstones, San Juan Basin, New Mexico}},
  author={Ortega, Orlando and Marrett, Randall},
  journal={Journal of Structural Geology},
  volume={22},
  number={5},
  pages={571--588},
  year={2000},
  publisher={Elsevier}
}



@article{kong2019microstructure,
  title={{Microstructure Characteristics and Fractal Analysis of 3D-Printed Sandstone using Micro-CT and SEM-EDS}},
  author={Kong, Lingyun and Ostadhassan, Mehdi and Hou, Xiaodong and Mann, Michael and Li, Chunxiao},
  journal={Journal of Petroleum Science and Engineering},
  volume={175},
  pages={1039--1048},
  year={2019},
  publisher={Elsevier}
}

@article{deng2016quantifying,
  title={{Quantifying Fracture Geometry with X-ray Tomography: Technique of Iterative Local Thresholding (TILT) for 3D Image Segmentation}},
  author={Deng, Hang and Fitts, Jeffrey P and Peters, Catherine A},
  journal={Computational Geosciences},
  volume={20},
  number={1},
  pages={231--244},
  year={2016},
  publisher={Springer}
}

@mastersthesis{imgintro,
  author={Sobreira, Gustavo Henrique},
  title={{Avaliação de Propriedades Elásticas de Rochas
  Carbonáticas a partir de Análise Microestrutural}},
  school={Pontifícia Universidade Católica do Rio de Janeiro},
  address={Rio de Janeiro},
  type={Dissertação de Mestrado},
  year={2017}
}

@book{ertekin2001basic,
  title={{Basic Applied Reservoir Simulation}},
  author={Ertekin, Turgay and Abou-Kassem, Jamal H and King, Gregory R},
  series={Sirsi, i9781555630898},
  year={2001}
}

@article{wiggins2001image,
  title={{Image File Formats: Past, Present, and Future}},
  author={Wiggins, Richard H and Davidson, H Christian and Harnsberger, H Ric and Lauman, Jason R and Goede, Patricia A},
  journal={Radiographics},
  volume={21},
  number={3},
  pages={789--798},
  year={2001},
  publisher={Radiological Society of North America}
}

@article{roerdink2000watershed,
  title={{The Watershed Transform: Definitions, Algorithms and Parallelization Strategies}},
  author={Roerdink, Jos BTM and Meijster, Arnold},
  journal={Fundamenta Informaticae},
  volume={41},
  number={1, 2},
  pages={187--228},
  year={2000},
  publisher={IOS Press}
}

@article{healy2017fracpaq,
  title={{FracPaQ: A MATLAB Toolbox for the Quantification of Fracture Patterns}},
  author={Healy, David and Rizzo, Roberto E and Cornwell, David G and Farrell, Natalie JC and Watkins, Hannah and Timms, Nick E and Gomez-Rivas, Enrique and Smith, Michael},
  journal={Journal of Structural Geology},
  volume={95},
  pages={1--16},
  year={2017},
  publisher={Elsevier}
}

@article{hardebol2013digifract,
  title={{DigiFract: A Software and Data Model Implementation for Flexible Acquisition and Processing of Fracture Data from Outcrops}},
  author={Hardebol, NJ and Bertotti, G},
  journal={Computers \& Geosciences},
  volume={54},
  pages={326--336},
  year={2013},
  publisher={Elsevier}
}

@inproceedings{dong2008pore,
  title={{Pore Network Modelling on Carbonate: A Comparative Study of Different Micro-CT Network Extraction Methods}},
  author={Dong, Hu and Fjeldstad, St{\aa}le and Alberts, Luc and Roth, Sven and Bakke, Stig and {\O}ren, P{\aa}l-Eric and others},
  booktitle={International Symposium of the Society of Core Analysts},
  address = {Abu Dhabi, Emirados Árabes Unidos},
  volume={29},
  year={2008}
}

@article{sok2010pore,
  title={{Pore Scale Characterization of Carbonates at Multiple Scales: Integration of Micro-CT, BSEM, and FIBSEM}},
  author={Sok, Robert M and Knackstedt, Mark A and Varslot, Trond and Ghous, Abid and Latham, Shane and Sheppard, Adrian P},
  journal={Petrophysics},
  volume={51},
  number={06},
  year={2010},
  publisher={Society of Petrophysicists and Well-Log Analysts}
}

@inproceedings{silva2012classificaccao,
  title={{Classifica{\c{c}}{\~a}o de Leveduras utilizando Transformada de Hough e Aprendizagem Supervisionada}},
  author={Silva, DS and Quinta, Lia Nara Balta and Mongelo, Arnaldo Ibanhe and Cereda, Marney Pascoli and Pistori, Hemerson},
  booktitle={Workshop de Vis{\~a}o Computacional,(2)},
  pages={27--30},
  year={2012}
}

@article{scikit-image,
 title = {{SciKit-Image: Image Processing in Python}},
 author = {van der Walt, St{\'e}fan and Sch{\"o}nberger, Johannes L. and
           Nunez-Iglesias, Juan and Boulogne, Fran{\c{c}}ois and Warner,
           Joshua D. and Yager, Neil and Gouillart, Emmanuelle and
           Yu, Tony and the Scikit-Image contributors},
 year = {2014},
 month = {6},
 volume = {2},
 pages = {e453},
 journal = {PeerJ},
}

@misc{itseez2015opencv,
  title={{Open Source Computer Vision Library}},
  author={Itseez},
  year={2015},
  howpublished = {\url{https://github.com/itseez/opencv}}
}



@misc{ruelametodostu,
  author = {{Borges, Vinicius R. P.}},
  title   ={{Quadro Segmentação de Imagens}},
  note = {\url{http://wiki.icmc.usp.br/images/b/bb/Otsu_e_derivadas.pdf/}},
  year = {2019},
}

@book{thomas2001fundamentos,
  title={Fundamentos de Engenharia de Petr{\'o}leo},
  author={Thomas, Jos{\'e} Eduardo},
  year={2001},
  publisher={Interci{\^e}ncia}
}

@misc{vtk,
author={Schroeder, Will; Martin, Ken; Lorensen, Bill },
title={{The Visualization Toolkit}},
volume={4th ed.},
year={2006},
publihser={Kitware}
}

@misc{vtk2,
author={Tavares, Jo{\~a}o Manuel R. S. and Barbosa and Jorge Gomes},
title={{Visualização Científica - Introdução ao VTK}},
note = {\url{http://www.fe.up.pt/~tavares/ensino/VISCI/visci.html}},
year = {2020}
}

@inproceedings{karpyn2003mapping,
  title={{Mapping Fracture Apertures using Micro Computed Tomography}},
  author={Karpyn, Z and Alakmi, A and Parada, C and Grader, AS and Halleck, PM and Karacan, O},
  booktitle={International Symposium of the Society of the Core Analysts},
  pages={21--24},
  year={2003}
}

@misc{pyqt,
author={{Riverbank Computing} },
title={PyQt Whitepaper},
howpublished = {\url{https://www.riverbankcomputing.com/static/Docs/PyQt4-whitepaper/pyqt-whitepaper-a4.pdf}},
year={2013}
}

@misc{fractfeature,
author={{ITRC}},
title={{Characterization and Remediation in Fractured Rocks}},
howpublished = {\url{https://fracturedrx-1.itrcweb.org/3-hydrology-fluid-flow/}},
year = {2020},
}

@book{Matheron1967,
author = {G. Matheron},
title = {{Eléments pour une Théorie des Milieux Poreux}},
publisher = {Masson},
address = {Paris, França},
year = 1967,
}

@phdthesis{Serra1967a,
author = {J. Serra},
title = {{Echantillonnage et Estimation des Phénomènes de Transition Minier}},
school = {University of Nancy},
year = 1967,
}

@article{Hough1962,
author = {P. V. C. Hough},
title = {{A Method and Means for Recognizing Complex Patterns}},
journal = {{US} {P}atent 3,069,654},
month = dec,
year = 1962,
}

@misc{umlferramenta,
author={{Visual Paradigm}},
title={{Visual Paradigm Online}},
howpublished = {\url{https://online.visual-paradigm.com/pt/}},
year={{2020}}
}

@misc{refSlice,
author={Chiarelli, Andrea and Dawson, Andrew and Garcia, Alvaro},
title={{Asphalt Core CT Scan Images (5.6\% Air voids)}},
howpublished = {\url{https://doi.org/10.6084/m9.figshare.3837966.v1}},
year={2016}
}

@misc{parsons2002tag,
  title={{Tag Image File Format (TIFF)-image/tiff MIME Sub-type Registration}},
  author={Parsons, Glenn W and Rafferty, James},
  year={2002}
}

@misc{morfologia,
author={Anderson Fraiha Machado},
title={{Erosões e Dilatações Morfológicas Binárias Sequenciais Rápidas}},
howpublished = {\url{https://www.ime.usp.br/~dandy/mestrado.html}},
year={2019} 
}


@article{bergues2015sub,
  title={{Sub-pixel Gray-scale Hough Transform For An Electronic Visual Interface}},
  author={Bergues, Guillermo Juan and Canali, Luis and Schurrer, Clemar and Flesia, Ana Georgina},
  journal={IEEE Latin America Transactions},
  volume={13},
  number={9},
  pages={3135--3141},
  year={2015},
  publisher={IEEE}
}

@inproceedings{beucher1979use,
  title={{Use of Watersheds in Contour Detection}},
  author={Beucher, Serge},
  booktitle={International Workshop on Image Processing},
  year={1979},
  organization={CCETT}
}

@article{tarabalka2010segmentation,
  title={{Segmentation and Classification of Hyperspectral Images using Watershed Transformation}},
  author={Tarabalka, Yuliya and Chanussot, Jocelyn and Benediktsson, Jon Atli},
  journal={Pattern Recognition},
  volume={43},
  number={7},
  pages={2367--2379},
  year={2010},
  publisher={Elsevier}
}

@article{lucia1995rock,
  title={{Rock-Fabric/Petrophysical Classification of Carbonate Pore Space for Reservoir Characterization}},
  author={Lucia, F Jerry},
  journal={American Association of Petroleum Geologists (AAPG) Bulletin},
  volume={79},
  number={9},
  pages={1275--1300},
  year={1995},
  publisher={American Association of Petroleum Geologists}
}

@inproceedings{sun2016determination,
  title={{Determination of Transport Properties in Carbonate Rock Sample Using Multi-Scale CT Images}},
  author={Sun, H and Vega, S and Tao, G},
  booktitle={78th EAGE Conference and Exhibition},
  pages={1--5},
  volume={1},
  year={2016}
}

@article{mees2003applications,
  title={Applications of X-ray computed tomography in the geosciences},
  author={Mees, Florias and Swennen, Rony and Van Geet, M and Jacobs, P},
  journal={Geological Society, London, Special Publications},
  volume={215},
  number={1},
  pages={1--6},
  year={2003},
  publisher={Geological Society of London}
}

@article{araujo2015diferentes,
  title={{Diferentes Tipos de Reservatórios e as Melhores Características de Exploração em Alagoas}},
  author={Ara{\'u}jo, Allan Pereira Ara{\'u}jo Pereira and Gomes, Carlos Roberto Correia and Melo, H{\'\i}caro Silva and Lima, Humberto Tadeu Santos and da Silva Arcanjo, Jos{\'e} Nariel and Lima, Sandov{\^a}nio Ferreira},
  journal={Caderno de Gradua{\c{c}}{\~a}o - Ci{\^e}ncias Exatas e Tecnol{\'o}gicas. Unit-Alagoas},
  volume={2},
  number={3},
  pages={31--45},
  year={2015}
}

@book{booch2006uml,
  title={{UML: Guia do Usu{\'a}rio}},
  author={Booch, Grady and Rumbaugh, James and Jacobson, Ivar},
  year={2006},
  publisher={Elsevier Brasil}
}
